
@Misc{projet11,
 author = {TELECOM Bretagne},
 title = {Projet 11},
 howpublished = {Disponible sur http://formations.telecom-bretagne.eu/fad/file.php?file=/281/2011/Sujets/projet11.pdf  (consult\'e le 16.05.2011)},
 year = {2011}
}

@Misc{numutils,
 author = {BANDERAS Suso},
 title = {num-utils},
 howpublished = {Disponible sur http://suso.suso.org/programs/num-utils/  (consult\'e le 16.05.2011)},
 year = {2004}
}

@Misc{debian,
 author = {Software in the Public Interest, Inc},
 title = {Debian Packages},
 howpublished = {Disponible sur http://www.debian.org/distrib/packages  (consult\'e le 16.05.2011)},
 year = {2011}
}

@Book{dataflux,
 title = {Parallel Computational Fluid Dynamics: Development and Applications of Parallel Technology},
 publisher = {North-Holland},
 year = {1999. ISBN 978-0444828507},
 author = {LIN C.A.},
}

@Misc{git,
 author = {GitHub Inc},
 title = {Introduction to automake},
 howpublished = {Disponible sur https://github.com (consult\'e le 16.05.2011)},
 year = {2011}
}

@Misc{projet11efr,
 author = {Membres du groupe},
 title = {projet11efr},
 howpublished = {Disponible sur https://github.com/projet11efr (consult\'e le 16.05.2011)},
 year = {2011}
}

@Misc{automake,
 author = {Free Software Foundation},
 title = {Introduction to automake},
 year = {2009},
 howpublished = {Disponible sur http://www.gnu.org/software/automake/ (consult\'e le 10.05.2011)}
}

@Misc{tuto_autotool,
 author = {BREUGNOT Yannick},
 title = {Les outils Automake et Autoconf...},
 year = {2000},
 howpublished = {Disponible sur http://www-igm.univ-mlv.fr/~dr/XPOSE/Breugnot/ (consult\'e le 18.04.2011)}
}

@Misc{cdbs,
 author = {EISENTRAUT Peter},
 title = {The Common Debian Build System},
 year = {2007},
 howpublished = {Disponible sur http://build-common.alioth.debian.org/cdbs-doc.html (consult\'e le 10.05.2011)}
}

@Misc{valgrind,
 author = {Valgrind Developers},
 title = {Homepage valgrind},
 year = {2011},
 howpublished = {Disponible sur http://www.valgrind.org/ (consult\'e le 02.05.2011)}
}

